@misc{lonaweb,
    author="Spacefox",
    title="Lona - Realm of Colors",
    year=2016,
    howpublished={\url{http://lonagame.com/}},
    note="[online] Accessed 16 August 2017"
},

@misc{materialize,
    author="Materialize",
    title="Buttons",
    year=2017,
    howpublished={\url{http://materializecss.com/buttons.html}},
    note="[online] Accessed 20 August 2017"
},

@misc{principles,
    author="Google",
    title="Principles - Layout",
    year=2017,
    howpublished={\url{https://material.io/guidelines/layout/principles.html}},
    note="[online] Accessed 20 August 2017"
},

@misc{choreography,
    author="Google",
    title="Choreography - Motion",
    year=2017,
    howpublished={\url{https://material.io/guidelines/motion/choreography.html}},
    note="[online] Accessed 20 August 2017"
},

@misc{cards,
    author="Google",
    title="Cards - Components",
    year=2017,
    howpublished={\url{https://material.io/guidelines/components/cards.html}},
    note="[online] Accessed 20 August 2017"
},

@misc{materialdesign,
    author="Google",
    title="Material Design",
    year=2017,
    howpublished={\url{https://material.io/}},
    note="[online] Accessed 20 August 2017"
},

@misc{youtube_Lona, 
    author="Youtube",
    title="LONA: REALM OF COLORS - KickStarter Trailer 2",
    year = 2017,
    howpublished={\url{https://www.youtube.com/watch?v=hOssxm8hTqE}},
    note="[online] Accessed 20 August 2017"
},

@misc{kickstarter, 
    author="Kickstarter",
    title="Lona: Realm of Colors",
    year = 2017,
    howpublished={\url{https://www.kickstarter.com/projects/spacefox/lona-realm-of-colors}},
    note="[online] Accessed 16 August 2017"
},

@misc{lonatwitter, 
    author="LonaGame",
    title="Screenshot Saturday",
    year = 2017,
    month = 8,
    day = 19,
    howpublished={\url{https://twitter.com/lonagame}},
    note="[online] Accessed 20 August 2017"
},
